% Avoid use of special characters like umlaut in the article key/identifier.


% Sleeping Beauty Section


%% This BibTeX bibliography file was created using BibDesk.
%% https://bibdesk.sourceforge.io/

%% Created for George Chacko at 2020-06-23 18:05:45 -0500 


%% Saved with string encoding Unicode (UTF-8) 

@article{becke_densityfunctional_1993,
	title = {Density‐functional thermochemistry. {III}. {The} role of exact exchange},
	volume = {98},
	issn = {0021-9606},
	doi = {10.1063/1.464913},
	number = {7},
	journal = {The Journal of Chemical Physics},
	author = {Becke, Axel D.},
	month = apr,
	year = {1993},
	note = {Publisher: American Institute of Physics},
	pages = {5648--5652}
}
@article{lee_development_1988,
	title = {Development of the {Colle}-{Salvetti} correlation-energy formula into a functional of the electron density},
	volume = {37},
	doi = {10.1103/PhysRevB.37.785},
	number = {2},
	journal = {Physical Review B},
	author = {Lee, Chengteh and Yang, Weitao and Parr, Robert G.},
	month = jan,
	year = {1988},
	note = {Publisher: American Physical Society},
	pages = {785--789}
}

@article{Li2013CitationCO,
  title={Citation curves of “all-elements-sleeping-beauties”: “flash in the pan” first and then “delayed recognition”},
  author={Jiang Li},
  journal={Scientometrics},
  year={2013},
  volume={100},
  pages={595-601}
}

@article{teixeira2017sleeping,
  title={Sleeping Beauties and their princes in innovation studies},
  author={Teixeira, Aurora AC and Vieira, Pedro Cosme and Abreu, Ana Patr{\'\i}cia},
  journal={Scientometrics},
  volume={110},
  number={2},
  pages={541--580},
  year={2017},
  publisher={Springer}
}

@article{costas2010,
  title={Is scientific literature subject to a 'Sell-By-Date'? A general methodology to analyze the 'durability'of scientific documents},
  author={Costas, Rodrigo and van Leeuwen, Thed N and van Raan, Anthony FJ},
  journal={Journal of the American Society for Information Science and Technology},
  volume={61},
  number={2},
  pages={329--339},
  year={2010},
  publisher={Wiley Online Library}
}

@article{li_2014,
    author={Li, Jiang and Shi, Dongbo and Zhao, Star X. and Ye, Fred. Y.},
    title={A study of the ``heartbeat spectra'' for ``sleeping beauties''},
    journal={Journal of Informetrics},
    year={2014},
    DOI={10.1016/j.joi.2014.04.002},
    volume={8},
    issue={3},
    pages={493-502},
 } 

@Article{Small1980,
  author     = {Small, H. and Greenlee, E.},
  journal    = {Scientometrics},
  title      = {Citation context analysis of a co-citation cluster: {Recombinant}-{DNA}},
  year       = {1980},
  issn       = {0138-9130},
  month      = jul,
  number     = {4},
  pages      = {277--301},
  volume     = {2},
  doi        = {10.1007/BF02016349},
}

@article{zong_2018,
	Author = {Zong, ZhangJian and Liu, XuanZhen and Fang, Hui},
	Journal = {Scientometrics},
	Number = {3},
	Pages = {1841--1852},
	Title = {Sleeping beauties with no prince based on the co-citation criterion},
	DOI = {10.1007/s11192-018-2932-2},
	Volume = {117},
	Year = {2018},
}

@ARTICLE{visser_1999,
   AUTHOR={Matt Visser},
   TITLE   = {An exotic class of {K}aluza-{K}lein models},
   YEAR    = {1999},
   JOURNAL = {ArXiv},
   DOI={arXiv:hep-th/9910093}
}

  @Book{ggplot2,
    author = {Hadley Wickham},
    title = {ggplot2: Elegant Graphics for Data Analysis},
    publisher = {Springer-Verlag New York},
    year = {2016},
    isbn = {978-3-319-24277-4},
    url = {https://ggplot2.tidyverse.org},
  }

@article{ye_bornmann_2018,
author = {Ye, Fred Y. and Bornmann, Lutz},
title = {“Smart girls” versus “sleeping beauties” in the sciences: The identification of instant and delayed recognition by using the citation angle},
journal = {Journal of the Association for Information Science and Technology},
volume = {69},
number = {3},
pages = {359-367},
doi = {10.1002/asi.23846},
year = {2018}
}

@TechReport{Korobskiy2019,
  author      = {Korobskiy, D. and Davey, A. and Liu, S. and Devarakonda, S. and Chacko, G.},
  institution = {NET ESolutions Corporation},
  title       = {{Enhanced Research Network Informatics Environment (ERNIE)}},
  year        = {2019},
  type        = {Github Repository},
  url         = {https://github.com/NETESOLUTIONS/ERNIE},
}
>>>>>>> 3c8a2f4122d8d162aab7a2c1379687621a937065

@Article{redner_2005,
  title={Citation statistics from 110 years of physical review},
  author={Redner, Sidney},
  journal={Physics Today},
  volume={58},
  issue={6},
  pages={49-54},
  year={2005}
}

@Article{Raan2004,
  author   = {van Raan, Anthony F. J.},
  journal  = {Scientometrics},
  title    = {{Sleeping Beauties in Science}},
  year     = {2004},
  issn     = {1588-2861},
  month    = mar,
  number   = {3},
  pages    = {467--472},
  volume   = {59},
  doi      = {10.1023/B:SCIE.0000018543.82441.f1},
}

@Article{Barber1961,
  author  = {Barber, Bernard},
  journal = {Science},
  title   = {Resistance by Scientists to Scientific Discovery},
  year    = {1961},
  pages   = {596-602},
  volume  = {134},
  doi     = {10.1126/science.134.3479.596},
  issue   = {3479},
}

@Article{Cole1970,
  author  = {Cole, Stephen},
  journal = {American Journal of Sociology},
  title   = {{Professional Standing and the Reception of Scientific Discoveries}},
  year    = {1970},
  number  = {2},
  pages   = {286-306},
  volume  = {76},
  url     = {https://www.jstor.org/stable/2775594},
}


@Article{Merton1963,
  author  = {Merton, R.K.},
  journal = {European Journal of Sociology},
  title   = {Resistance to the Systematic Study of Multiple Discoveries in Science},
  year    = {1963},
  number  = {2},
  pages   = {37-282},
  volume  = {4},
}


@Article{Garfield1970a,
  author  = {Garfield, Eugene},
  journal = {Essays of an Information Scientist},
  title   = {{Would Mendel’s work have been ignored if the Science Citation Index was available 100 years ago?}},
  year    = {1970},
  pages   = {69-70},
  volume  = {1},
}


@Article{Garfield1980a,
  author  = {Garfield, Eugene},
  journal = {Essays of an Information Scientist},
  title   = {{Premature Discovery or Delayed Recognition - Why?}},
  year    = {1980},
  pages   = {488-493},
  volume  = {4},
}

@article{Braun_2010,
    author = {Braun, Tibor and Glänzel, Wolfgang and Schubert, András},
    title = "{On Sleeping Beauties, Princes and other tales of citation distributions …}",
    journal = {Research Evaluation},
    volume = {19},
    number = {3},
    pages = {195-202},
    year = {2010},
    month = {09},
    issn = {0958-2029},
    doi = {10.3152/095820210X514210},
}
 
@Article{Song2018,
  author  = {Song, You and Situ, Fangling and Zhu, Hongjun and Lei, Jinzhi},
  journal = {Scientometrics},
  title   = {To be the Prince to wake up Sleeping Beauty: the rediscovery of the delayed recognition studies},
  year    = {2018},
  number  = {1},
  pages   = {9--24},
  volume  = {117},
}

@article{Glanzel2003	,
author = {Glänzel, Wolfgang and Schlemmer, Balazs and Thijs, Bart},
year = {2003},
month = {11},
pages = {},
title = {Better late than never? On the chance to become highly cited only beyond the standard bibliometric time horizon},
volume = {58},
journal = {Katholieke Universiteit Leuven, Open Access publications from Katholieke Universiteit Leuven},
doi = {10.1023/B:SCIE.0000006881.30700.ea}
}

@Article{Glanzel2004,
  author   = {Glänzel, W. and Garfield, Eugene},
  journal  = {Scientist},
  title    = {The myth of delayed recognition},
  year     = {2004},
  issn     = {0890-3670},
  month    = jun,
  number   = {11},
  pages = {8},
  volume   = {18},
}

@Article{Li2016,
  author   = {Li, Jiang and Ye, Fred Y.},
  journal  = {Scientometrics},
  title    = {Distinguishing sleeping beauties in science},
  year     = {2016},
  issn     = {1588-2861},
  month    = aug,
  number   = {2},
  pages    = {821--828},
  volume   = {108},
  doi      = {10.1007/s11192-016-1977-3},
}

@Article{Li2014,
  author  = {Jiang Li},
  journal = {Scientometrics},
  title   = {Citation curves of “all-elements-sleeping-beauties”: “flash in the pan” first and then “delayed recognition”},
  year    = {2014},
  issn    = {0138-9130},
  pages   = {595-601},
  volume  = {100},
  doi     = {10.1007/s11192-013-1217-z},
}

@Article{Wang2013,
  author    = {Wang, Dashun and Song, Chaoming and Barabási, Albert-László},
  journal   = {Science},
  title     = {Quantifying {Long}-{Term} {Scientific} {Impact}},
  year      = {2013},
  issn      = {0036-8075, 1095-9203},
  month     = oct,
  number    = {6154},
  pages     = {127--132},
  volume    = {342},
  doi       = {10.1126/science.1237825},
  pmid      = {24092745},
}

@Article{sugimoto_mostafa_2018,
  author={Sugimoto, Cassidy and Mostafa, Javed},
  journal={Journal of the Association for Information Science and Technology},
  doi={10.1002/asi.24014},
  year={2018},
  volume={69},
  title={{A Note of Concern and Context: On CarefulUse of Terminologies}},
  issue={3},
  pages={347–348},
}


@Article{MarshakovaShaikevich1973,
  author  = {Marshakova-Shaikevich, Irina},
  journal = {Scientific and Technical Information Serial of VINITI},
  title   = {System of {Document} {Connections} {Based} on {References}},
  year    = {1973},
  number  = {2},
  pages   = {3--8},
  volume  = {6},
  url     = {http://garfield.library.upenn.edu/marshakova/marshakovanauchtechn1973.pdf},
}


@Article{Small1973,
  author     = {Small, Henry},
  journal    = {Journal of the American Society for Information Science},
  title      = {Co-citation in the scientific literature: {A} new measure of the relationship between two documents},
  year       = {1973},
  issn       = {1097-4571},
  number     = {4},
  pages      = {265--269},
  volume     = {24},
  copyright  = {Copyright © 1973 Wiley Periodicals, Inc., A Wiley Company},
  doi        = {10.1002/asi.4630240406},
  file       = {Snapshot:/Users/george/Zotero/storage/4WSLE3NQ/asi.html:text/html},
  shorttitle = {Co-citation in the scientific literature},
}


@Article{vanRaan1990,
  author    = {{van Raan}, A. F. J.},
  journal   = {Nature},
  title     = {Fractal dimension of co-citations},
  year      = {1990},
  issn      = {1476-4687},
  month     = oct,
  number    = {6294},
  pages     = {626--626},
  volume    = {347},
  copyright = {1990 Nature Publishing Group},
  doi       = {10.1038/347626a0},
}


@Article{Ke2015,
  author   = {Ke, Qing and Ferrara, Emilio and Radicchi, Filippo and Flammini, Alessandro},
  journal  = {Proceedings of the National Academy of Sciences},
  title    = {{Defining and identifying Sleeping Beauties in science}},
  year     = {2015},
  issn     = {0027-8424, 1091-6490},
  month    = jun,
  number   = {24},
  pages    = {7426--7431},
  volume   = {112},
  doi      = {10.1073/pnas.1424329112},
  keywords = {bibliometrics, delayed recognition, Sleeping Beauty},
  pmid     = {26015563}
}

@Article{Raan2019,
  author    = {van Raan, Anthony F. J. and Winnink, Jos J.},
  journal   = {PLOS ONE},
  title     = {{The occurrence of ‘Sleeping Beauty’ publications in medical research: Their scientific impact and technological relevance}},
  year      = {2019},
  month     = {10},
  number    = {10},
  pages     = {1-34},
  volume    = {14},
  doi       = {10.1371/journal.pone.0223373},
  publisher = {Public Library of Science},
}

@Article{Uzzi2013,
  author    = {Uzzi, Brian and Mukherjee, Satyam and Stringer, Michael and Jones, Ben},
  journal   = {Science},
  title     = {Atypical {Combinations} and {Scientific} {Impact}},
  year      = {2013},
  issn      = {0036-8075, 1095-9203},
  month     = oct,
  number    = {6157},
  pages     = {468--472},
  volume    = {342},
  copyright = {Copyright © 2013, American Association for the Advancement of Science},
  doi       = {10.1126/science.1240474},
  pmid      = {24159044},
}

@InProceedings{Boyack2014,
  author    = {Boyack, K. and Klavans, R.},
  booktitle = {International Conference on Science and Technology Indicators},
  title     = {{Atypical combinations are confounded by disciplinary effects}},
  year      = {2014},
  address   = {Leiden, Netherlands},
  pages     = {49--58},
  publisher = {CWTS-Leiden University},
  maintitle = {{19th International Conference on Science and Technology Indicators}},
}


@Article{Wang2017,
  author   = {Wang, Jian and Veugelers, Reinhilde and Stephan, Paula},
  journal  = {Research Policy},
  title    = {{Bias against novelty in science: A cautionary tale for users of bibliometric indicators}},
  year     = {2017},
  number   = {8},
  pages    = {1416-1436},
  volume   = {46},
  doi      = {10.1016/j.respol.2017.06.006},
}


@Article{Bradley2020,
  author     = {Bradley, James and Devarakonda, Sitaram and Davey, Avon and Korobskiy, Dmitriy and Liu, Siyu and Lakhdar-Hamina, Djamil and Warnow, Tandy and Chacko, George},
  journal    = {Quantitative Science Studies},
  title      = {Co-citations in context: {Disciplinary} heterogeneity is relevant},
  shorttitle = {Co-citations in context},
  year       = {2020},
  doi        = {10.1162/qss_a_00007},
  pages      = {1--13 },
}

@article{devarakonda_2020,
    title={Preprint: Frequently Co-cited Publications: Features and Kinetics},
    author={Sitaram Devarakonda and James Bradley and Dmitriy Korobskiy and Tandy Warnow and George Chacko},
    year={2020},
    journal={ArXiv},
    url={http://arxiv.org/abs/2005.04793},
    note={\url{http://arxiv.org/abs/2005.04793}, In Press (Quantitative Science Studies)},
}

@article{Gibbons1987,
  doi = {10.1016/0550-3213(87)90125-8},
  url = {https://doi.org/10.1016/0550-3213(87)90125-8},
  year = {1987},
  month = jan,
  publisher = {Elsevier {BV}},
  volume = {287},
  pages = {717--742},
  author = {G.W. Gibbons and D.L. Wiltshire},
  title = {Spacetime as a membrane in higher dimensions},
  journal = {Nuclear Physics B}
}

@article{Visser1985,
  doi = {10.1016/0370-2693(85)90112-1},
  url = {https://doi.org/10.1016/0370-2693(85)90112-1},
  year = {1985},
  month = sep,
  publisher = {Elsevier {BV}},
  volume = {159},
  number = {1},
  pages = {22--25},
  author = {Matt Visser},
  title = {An exotic class of Kaluza-Klein models},
  journal = {Physics Letters B}
}

@article{Wadt1985,
  doi = {10.1063/1.448800},
  url = {https://doi.org/10.1063/1.448800},
  year = {1985},
  month = jan,
  publisher = {{AIP} Publishing},
  volume = {82},
  number = {1},
  pages = {284--298},
  author = {Willard R. Wadt and P. Jeffrey Hay},
  title = {Ab initio effective core potentials for molecular calculations. Potentials for main group elements Na to Bi},
  journal = {The Journal of Chemical Physics}
}

@article{Spetzler1986,
  doi = {10.3171/jns.1986.65.4.0476},
  url = {https://doi.org/10.3171/jns.1986.65.4.0476},
  year = {1986},
  month = oct,
  publisher = {Journal of Neurosurgery Publishing Group ({JNSPG})},
  volume = {65},
  number = {4},
  pages = {476--483},
  author = {Robert F. Spetzler and Neil A. Martin},
  title = {A proposed grading system for arteriovenous malformations},
  journal = {Journal of Neurosurgery}
}

@article{Crawford1986,
  doi = {10.1136/jnnp.49.1.1},
  url = {https://doi.org/10.1136/jnnp.49.1.1},
  year = {1986},
  month = jan,
  publisher = {{BMJ}},
  volume = {49},
  number = {1},
  pages = {1--10},
  author = {P M Crawford and C R West and D W Chadwick and M D Shaw},
  title = {Arteriovenous malformations of the brain: natural history in unoperated patients.},
  journal = {Journal of Neurology,  Neurosurgery {\&} Psychiatry}
}

@article{Fukui1970,
  doi = {10.1021/j100717a029},
  url = {https://doi.org/10.1021/j100717a029},
  year = {1970},
  month = nov,
  publisher = {American Chemical Society ({ACS})},
  volume = {74},
  number = {23},
  pages = {4161--4163},
  author = {Kenichi Fukui},
  title = {Formulation of the reaction coordinate},
  journal = {The Journal of Physical Chemistry}
}



@Article{article,
	author = "Author1 LastName1 and Author2 LastName2 and Author3 LastName3",
	title = "Article Title",
	volume = "30",
	number = "30",
	pages = "10127-10134",
	year = "2013",
	doi = "10.3389/fnins.2013.12345",
	URL = "http://www.frontiersin.org/Journal/10.3389/fnins.2013.12345/abstract",
	journal = "Frontiers in Neuroscience"
}

@book{book,
  author    = {Author Name}, 
  title     = {The title of the work},
  publisher = {The name of the publisher},
  address   = {The city},
  year      = 1993,
}

@incollection{chapter,
  author       = {Bauthor Surname}, 
  title        = {The title of the work},
  editor       = {Editor Name},
  booktitle    = {The title of the book},
  publisher    = {The name of the publisher},
  address      = {The city},
  year         = 2002,
  pages        = {201-213},
}

@InProceedings{conference,
  author = {Cauthor Name and Dauthor Surname and Fauthor LastName},
  title = {The title of the work},
  booktitle = {The title of the conference proceedings},
  year = 1996,
  publisher = {The name of the publisher},
  editor = {Editor Name1 and Editor Name2},
  pages = {41-50},
}

@book{cho,
  author       = {Gauthor Name1}, 
  title        = {The title of the work},
  publisher = {Country code and patent number},
  address      = {Patent Country},
  year = 2013
}

@book{patent,
  author    = {Hauthor Surname1}, 
  title     = {The title of the work},
  publisher = {Patent number},
  address   = {Patent country},
  year      = 2010,
}

% please use misc for datasets
@misc{dataset, 
	author = "Author1 LastName1 and Author2 LastName2 and Author3 LastName3",
	title = "Data Title",
	year = "2011",
	doi = "10.000/55555",
	URL = "http://www.frontiersin.org/",
}